@article{markowitz1952,
 ISSN = {00221082, 15406261},
 URL = {http://www.jstor.org/stable/2975974},
 author = {Harry Markowitz},
 journal = {The Journal of Finance},
 number = {1},
 pages = {77--91},
 publisher = {[American Finance Association, Wiley]},
 title = {Portfolio Selection},
 volume = {7},
 year = {1952}
}

@inproceedings{
    tensorflow2016,
    title = {TensorFlow: A system for large-scale machine learning},
    author = {Martin Abadi and Paul Barham and Jianmin Chen and Zhifeng Chen and Andy Davis and Jeffrey Dean and Matthieu Devin and Sanjay Ghemawat and Geoffrey Irving and Michael Isard and Manjunath Kudlur and Josh Levenberg and Rajat Monga and Sherry Moore and Derek G. Murray and Benoit Steiner and Paul Tucker and Vijay Vasudevan and Pete Warden and Martin Wicke and Yuan Yu and Xiaoqiang Zheng},
    year = {2016},
    url	= {https://www.usenix.org/system/files/conference/osdi16/osdi16-abadi.pdf},
    booktitle = {12th USENIX Symposium on Operating Systems Design and Implementation (OSDI 16)},
    pages = {265--283}
}

@online{data-basecamp, 
    url = {https://databasecamp.de/en/ml/softmax-function}, 
    author = {Data Basecamp},
    day = {20},
    month = {5}, 
    year = {2023}
}

@online{brownlee2020, 
    url = {https://machinelearningmastery.com/gentle-introduction-backpropagation-time/}, 
    author = {Jason Brownlee},
    title = {A Gentle Introduction to Backpropagation Through Time},
    day = {14},
    month = {8}, 
    year = {2020}
}

@online{fidelity, 
    url = {https://www.fidelity.de/wissen/tipps-and-strategien/risiko-kennziffern/sharpe-ratio/}, 
    author = {Fidelity}, 
    title = {Risiken effektiv abschätzen mit Risikomaßen}
}

@online{fred, 
    url = {https://fred.stlouisfed.org/series/DGS10}, 
    author = {FRED}, 
    title = {Market Yield on U.S. Treasury Securities at 10-Year Constant Maturity, Quoted on an Investment Basis}
}

@online{yan2016, 
    url = {https://blog.mlreview.com/understanding-lstm-and-its-diagrams-37e2f46f1714}, 
    author = {Shi Yan},
    title = {Understanding LSTM and its diagrams},
    day = {13},
    month = {3},
    year = {2016},
    publisher = {ML Review}
}

@article{zhang2020,
    title = {Deep Learning for Portfolio Optimization},
    volume = {2},
    ISSN = {2640-3943},
    url = {https://arxiv.org/pdf/2005.13665v3.pdf},
    number = {4},
    journal = {The Journal of Financial Data Science},
    publisher = {With Intelligence LLC},
    author = {Zihao Zhang and Stefan Zohren and Stephen Roberts},
    year = {2020},
    month = {8}, 
    pages = {8--20} 
}

@article{chigozie2018,
    title = {Activation Functions: Comparison of Trends in Practice and Research for Deep Learning},
    url = {https://arxiv.org/pdf/1811.03378},
    author = {Chigozie Enyinna Nwankpa and Winifred Ijomah and Anthony Gachagan and Stephen Marshall},
    year = {2020}
}

@article{hochreiter1997, 
    author = {Sepp Hochreiter and Jürgen Schmidhuber}, 
    title = {Long Short-Term Memory},
    journaltitle = {Neural Computation},
    volume = {9},
    number = {8},
    pages = {1735-1780},
    year = {1997},
    month = {11},
    issn = {0899-7667},
    doi = {10.1162/neco.1997.9.8.1735},
    url = {https://doi.org/10.1162/neco.1997.9.8.1735},
    eprint = {https://direct.mit.edu/neco/article-pdf/9/8/1735/813796/neco.1997.9.8.1735.pdf},
} 

@article{sharpe1994,
    url = {https://web.stanford.edu/~wfsharpe/art/sr/sr.htm},
    author = {William F. Sharpe},
    journal = {The Journal of Portfolio management},
    title = {The Sharpe Ratio},
    year = {1994}
}

@online{yahoo, 
    url = {https://finance.yahoo.com/quote/%5EGSPC/}, 
    author = {Yahoo! Finance}, 
    title = {S\&P 500 (\string^GSPC)}
}

@online{onyshchak, 
    url = {https://www.kaggle.com/datasets/jacksoncrow/stock-market-dataset}, 
    author = {Oleh Onyshchak},
    title = {Stock Market Dataset}
}

@software{reback2020-pandas,
    author = {The pandas development team},
    title = {pandas},
    month = {2},
    year = {2020},
    publisher = {Zenodo},
    doi = {10.5281/zenodo.3509134},
    url = {https://doi.org/10.5281/zenodo.3509134}
}

@inproceedings{mckinney2010-pandas,
    author = {{W}es {M}c{K}inney},
    title = {{D}ata {S}tructures for {S}tatistical {C}omputing in {P}ython},
    booktitle = {{P}roceedings of the 9th {P}ython in {S}cience {C}onference},
    pages = {56 -- 61},
    year = {2010},
    editor = {{S}t\'efan van der {W}alt and {J}arrod {M}illman},
    doi = {10.25080/Majora-92bf1922-00a}
}

@article{harris2020-numpy,
    title = {Array programming with {NumPy}},
    author = {Charles R. Harris and K. Jarrod Millman and St{\'{e}}fan J.
                    van der Walt and Ralf Gommers and Pauli Virtanen and David
                    Cournapeau and Eric Wieser and Julian Taylor and Sebastian
                    Berg and Nathaniel J. Smith and Robert Kern and Matti Picus
                    and Stephan Hoyer and Marten H. van Kerkwijk and Matthew
                    Brett and Allan Haldane and Jaime Fern{\'{a}}ndez del
                    R{\'{i}}o and Mark Wiebe and Pearu Peterson and Pierre
                    G{\'{e}}rard-Marchant and Kevin Sheppard and Tyler Reddy and
                    Warren Weckesser and Hameer Abbasi and Christoph Gohlke and
                    Travis E. Oliphant},
    year = {2020},
    month = {9},
    journal = {Nature},
    volume = {585},
    number = {7825},
    pages = {357--362},
    doi = {10.1038/s41586-020-2649-2},
    publisher = {Springer Science and Business Media {LLC}},
    url = {https://doi.org/10.1038/s41586-020-2649-2}
}

@online{chollet2015-keras,
    title = {Keras},
    author = {Fran\c{c}ois Chollet and others},
    year = {2015},
    url = {https://keras.io}
}

@article{hunter2007-matplotlib,
    author = {John D. Hunter},
    title = {Matplotlib: A 2D graphics environment},
    journal = {Computing in Science \& Engineering},
    volume = {9},
    number = {3},
    pages = {90--95},
    publisher = {IEEE COMPUTER SOC},
    doi = {10.1109/MCSE.2007.55},
    year = {2007}
}

@article{bishop1995,
    author = {Christopher M. Bishop},
    title = {Neural Networks for Pattern Recognition},
    publisher = {Clarendon Press},
    url = {https://people.sabanciuniv.edu/berrin/cs512/lectures/Book-Bishop-Neural%20Networks%20for%20Pattern%20Recognition.pdf},
    year = {1995},
    institution = {Aston Universtiy Birmingham UK},
    location = {Oxford, United Kingdom}
}